@techreport{BaumannWicki2018,
	author = {Baumann, Pascal and Wicki, Dane},
	title = {Projektdokumentation - PAWI HS18},
	year = {2018},
	month = {12},
	day = {07},
	institution = {{Lucerne University of Applied Sciences and Arts}},
	type = {Wirtschaftsprojekt}
}
@article{Niederer2017,
  title={Zwei Seiten einer M{\"u}nze: Die Kooperative Speicherbibliothek Schweiz und die Kooperative Print-Archivierung},
  author={Niederer, Ulrich},
  journal={Bibliothek Forschung und Praxis},
  volume={41},
  number={3},
  pages={375--383},
  year={2017},
  publisher={De Gruyter}
}
